<?xml version="1.0" encoding="UTF-8"?><collection xmlns="http://www.loc.gov/MARC21/slim"><record><leader>00362nam--2200121-i-4500</leader><controlfield tag="001">000037099</controlfield><controlfield tag="002">20161230</controlfield><controlfield tag="005">20161230201041</controlfield><controlfield tag="008">060222s1000------------r-----000-0-eng-d</controlfield><datafield ind1=" " ind2=" " tag="080"><subfield code="a">620.179.1</subfield></datafield><datafield ind1=" " ind2=" " tag="245"><subfield code="a">Programmed instruction handbook. nondestructive testing ultrasonic testing. vol.2.equipment</subfield></datafield><datafield ind1=" " ind2=" " tag="260"><subfield code="a">San Diego, General Dynamics, 1967. P.Dif</subfield></datafield><datafield ind1=" " ind2=" " tag="852"><subfield code="a">34938</subfield></datafield></record></collection>